@inproceedings{ZAH11,
 author = {Zaman, Shahed and Adams, Bram and Hassan, Ahmed E.},
 title = {Security versus performance bugs: a case study on Firefox},
 booktitle = {Proceedings of the 8th Working Conference on Mining Software Repositories},
 series = {MSR '11},
 year = {2011},
 isbn = {978-1-4503-0574-7},
 location = {Waikiki, Honolulu, HI, USA},
 pages = {93--102},
 numpages = {10},
 publisher = {ACM},
 address = {New York, NY, USA},
} 

@inproceedings{MNN11,
 author = {Massacci, Fabio and Neuhaus, Stephan and Nguyen, Viet Hung},
 title = {After-life vulnerabilities: a study on firefox evolution, its vulnerabilities, and fixes},
 booktitle = {Proceedings of the Third international conference on Engineering secure software and systems},
 series = {ESSoS'11},
 year = {2011},
 isbn = {978-3-642-19124-4},
 location = {Madrid, Spain},
 pages = {195--208},
 numpages = {14},
 publisher = {Springer-Verlag},
 address = {Berlin, Heidelberg},
} 
